@article{thomassen1992jordan,
  title={The {J}ordan-{S}chonflies Theorem and the Classification of Surface},
  author={Thomassen, Carsten},
  journal={American Mathematical Monthly},
  pages={116--131},
  year=1992,
  publisher={JSTOR}
}

@article{lipton1979separator,
  title={A separator theorem for planar graphs},
  author={Lipton, Richard J and Tarjan, Robert Endre},
  journal={SIAM Journal on Applied Mathematics},
  volume={36},
  number={2},
  pages={177--189},
  year={1979},
  publisher={SIAM}
}

@article{henzinger1997faster,
  title={Faster shortest-path algorithms for planar graphs},
  author={Henzinger, Monika R and Klein, Philip and Rao, Satish and Subramanian, Sairam},
  journal={journal of computer and system sciences},
  volume={55},
  number={1},
  pages={3--23},
  year={1997},
  publisher={Elsevier}
}

@article{federickson1987fast,
  title={Fast algorithms for shortest paths in planar graphs, with applications},
  author={Federickson, Greg N},
  journal={SIAM Journal on Computing},
  volume={16},
  number={6},
  pages={1004--1022},
  year={1987},
  publisher={SIAM}
}

@incollection{mozes2010shortest,
  title={Shortest Paths in Planar Graphs with Real Lengths in ${O}(n \log^2 n/\log \log n)$ Time},
  author={Mozes, Shay and Wulff-Nilsen, Christian},
  booktitle={Algorithms--ESA 2010},
  pages={206--217},
  year={2010},
  publisher={Springer}
}

@article{klein2010shortest,
  title={Shortest paths in directed planar graphs with negative lengths: A linear-space ${O}(n \log^2 n)$-time algorithm},
  author={Klein, Philip N and Mozes, Shay and Weimann, Oren},
  journal={ACM Transactions on Algorithms (TALG)},
  volume={6},
  number={2},
  pages={30},
  year={2010},
  publisher={ACM}
}

@article{thomassen1981kuratowski,
  title={Kuratowski's theorem},
  author={Thomassen, Carsten},
  journal={Journal of Graph Theory},
  volume={5},
  number={3},
  pages={225--241},
  year={1981},
  publisher={Wiley Online Library}
}

@article{thorup1999undirected,
  title={Undirected single-source shortest paths with positive integer weights in linear time},
  author={Thorup, Mikkel},
  journal={Journal of the ACM (JACM)},
  volume={46},
  number={3},
  pages={362--394},
  year={1999},
  publisher={ACM}
}

@inproceedings{klein2005multiple,
  title={Multiple-source shortest paths in planar graphs},
  author={Klein, Philip N},
  booktitle={SODA},
  volume={5},
  pages={146--155},
  year={2005}
}

<<<<<<< HEAD
@article{wiener1873ueber,
  title={Ueber eine Aufgabe aus der {G}eometria situs},
  author={Wiener, Christian L},
  journal={Mathematische Annalen},
  volume={6},
  number={1},
  pages={29--30},
  year={1873},
  publisher={Springer}
}

@article{dijkstra1959note,
  title={A note on two problems in connexion with graphs},
  author={Dijkstra, Edsger W},
  journal={Numerische mathematik},
  volume={1},
  number={1},
  pages={269--271},
  year={1959},
  publisher={Springer}
}

@inproceedings{miller1984finding,
 author = {Miller, Gary L.},
 title = {Finding Small Simple Cycle Separators for 2-connected Planar Graphs.},
 booktitle = {Proceedings of the Sixteenth Annual ACM Symposium on Theory of Computing},
 series = {STOC '84},
 year = {1984},
 isbn = {0-89791-133-4},
 pages = {376--382},
 numpages = {7},
 url = {http://doi.acm.org/10.1145/800057.808703},
 doi = {10.1145/800057.808703},
 acmid = {808703},
 publisher = {ACM},
 address = {New York, NY, USA},
} 

